ли% !TeX spellcheck = ru_RU

@book{short2017procedural,
  title={Procedural generation in game design},
  author={Short, Tanya and Adams, Tarn},
  year={2017},
  pages={3-10},
  publisher={CRC Press}
}

@misc{dahren2021usage,
  title={The usage of PCG techniques within different game genres},
  author={Dahr{\'e}n, Martin},
  year={2021}
}

@article{article,
author = {Togelius, Julian and Kastbjerg, Emil and Schedl, David and Yannakakis, Georgios},
year = {2011},
month = {06},
pages = {},
title = {What is Procedural Content Generation? Mario on the borderline},
doi = {10.1145/2000919.2000922}
}

@inproceedings{balint2019generalized,
  title={A generalized semantic representation for procedural generation of rooms},
  author={Balint, J Timothy and Bidarra, Rafael},
  booktitle={Proceedings of the 14th International Conference on the Foundations of Digital Games},
  pages={1--8},
  year={2019}
}