ли% !TeX spellcheck = ru_RU

@book{short2017procedural,
  title={Procedural generation in game design},
  author={Short, Tanya and Adams, Tarn},
  year={2017},
  pages={3-10},
  publisher={CRC Press}
}

@article{kutzias2023recent,
  title={Recent Advances in Procedural Generation of Buildings: From Diversity to Integration},
  author={Kutzias, Damian and von Mammen, Sebastian},
  journal={IEEE Transactions on Games},
  year={2023},
  publisher={IEEE}
}

@misc{dahren2021usage,
  title={The usage of PCG techniques within different game genres},
  author={Dahr{\'e}n, Martin},
  year={2021}
}

@article{article,
author = {Togelius, Julian and Kastbjerg, Emil and Schedl, David and Yannakakis, Georgios},
year = {2011},
month = {06},
pages = {},
title = {What is Procedural Content Generation? Mario on the borderline},
doi = {10.1145/2000919.2000922}
}

@inproceedings{germer2009procedural,
  title={Procedural Arrangement of Furniture for Real-Time Walkthroughs},
  author={Germer, Tobias and Schwarz, Martin},
  booktitle={Computer Graphics Forum},
  volume={28},
  number={8},
  pages={2068--2078},
  year={2009},
  organization={Wiley Online Library}
}

@misc{lidberg2020hierarchical,
  title={Hierarchical Procedural Decoration of Game Environments},
  author={Lidberg, Ola and Borgshammar, Daniel},
  year={2020},
  publisher={Malm{\"o} universitet/Teknik och samh{\"a}lle}
}

@inproceedings{balint2019generalized,
  title={A generalized semantic representation for procedural generation of rooms},
  author={Balint, J Timothy and Bidarra, Rafael},
  booktitle={Proceedings of the 14th International Conference on the Foundations of Digital Games},
  pages={1--8},
  year={2019}
}

@article{kan2021automatic,
  title={Automatic interior Design in Augmented Reality Based on hierarchical tree of procedural rules},
  author={Kan, Peter and Kurtic, Andrija and Radwan, Mohamed and Rodriguez, Jorge M Loaiciga},
  journal={Electronics},
  volume={10},
  number={3},
  pages={245},
  year={2021},
  publisher={MDPI}
}